@misc{main_article,
    title={Unsupervised State Representation Learning in Atari},
    author={Ankesh Anand and Evan Racah and Sherjil Ozair and Yoshua Bengio and Marc-Alexandre Côté and R. Devon Hjelm},
    year={2019}
}

@misc{ALE,
    title={The arcade learning environment: An evaluation platform for general agents},
    author={Marc G. Bellemare and Yavar Naddaf and Joel Veness and Michael Bowling},
    year={2013}
}

@misc{linear_probing,
    title={Understanding intermediate layers using linear classifier probes},
    author={Guillaume Alain and Yoshua Bengio},
    year={2017}
}

@misc{DIM,
    title={Learning deep representations by mutual information estimation and maximization},
    author={R. Devon Hjelm and Alex Fedorov and Samuel Lavoie-Marchildon and Karan Grewal and Phil Bachman and Adam Trischler and Yoshua Bengio},
    year={2019}
}

@misc{infoNCE,
  author    = {A{\"{a}}ron van den Oord and
               Yazhe Li and
               Oriol Vinyals},
  title     = {Representation Learning with Contrastive Predictive Coding},
  year      = {2018}
}
