@article{greydanus,
  author    = {Sam Greydanus and
               Misko Dzamba and
               Jason Yosinski},
  title     = {Hamiltonian Neural Networks},
  journal   = {CoRR},
  volume    = {abs/1906.01563},
  year      = {2019},
  url       = {http://arxiv.org/abs/1906.01563},
  archivePrefix = {arXiv},
  eprint    = {1906.01563},
  timestamp = {Thu, 13 Jun 2019 13:36:00 +0200},
  biburl    = {https://dblp.org/rec/bib/journals/corr/abs-1906-01563},
  bibsource = {dblp computer science bibliography, https://dblp.org}
}

@article{kingma2014adam,
  title={Adam: A method for stochastic optimization},
  author={Kingma, Diederik P and Ba, Jimmy},
  journal={arXiv preprint arXiv:1412.6980},
  year={2014}
}