@article{ncsn-paper,
  author    = {Yang Song and
               Stefano Ermon},
  title     = {Generative Modeling by Estimating Gradients of the Data Distribution},
  journal   = {CoRR},
  volume    = {abs/1907.05600},
  year      = {2019},
  url       = {http://arxiv.org/abs/1907.05600},
  archivePrefix = {arXiv},
  eprint    = {1907.05600},
  timestamp = {Wed, 17 Jul 2019 10:27:36 +0200},
  biburl    = {https://dblp.org/rec/bib/journals/corr/abs-1907-05600}
}

@article{ssm,
  author    = {Yang Song and
               Sahaj Garg and
               Jiaxin Shi and
               Stefano Ermon},
  title     = {Sliced Score Matching: {A} Scalable Approach to Density and Score
               Estimation},
  journal   = {CoRR},
  volume    = {abs/1905.07088},
  year      = {2019},
  url       = {http://arxiv.org/abs/1905.07088},
  archivePrefix = {arXiv},
  eprint    = {1905.07088},
  timestamp = {Tue, 28 May 2019 12:48:08 +0200},
  biburl    = {https://dblp.org/rec/bib/journals/corr/abs-1905-07088},
  bibsource = {dblp computer science bibliography, https://dblp.org}
}

@article{refinenet,
  author    = {Guosheng Lin and
               Anton Milan and
               Chunhua Shen and
               Ian D. Reid},
  title     = {{RefineNet}: Multi-Path Refinement Networks for High-Resolution Semantic
               Segmentation},
  journal   = {CoRR},
  volume    = {abs/1611.06612},
  year      = {2016},
  url       = {http://arxiv.org/abs/1611.06612},
  archivePrefix = {arXiv},
  eprint    = {1611.06612},
  timestamp = {Mon, 13 Aug 2018 16:48:32 +0200},
  biburl    = {https://dblp.org/rec/bib/journals/corr/LinMS016},
  bibsource = {dblp computer science bibliography, https://dblp.org}
}

@ARTICLE{dsm,
author={P. {Vincent}},
journal={Neural Computation},
title={A Connection Between Score Matching and Denoising Autoencoders},
year={2011},
volume={23},
number={7},
pages={1661-1674},
keywords={},
ISSN={},
month={July},}

@inproceedings{Welling:2011:BLV:3104482.3104568,
 author = {Welling, Max and Teh, Yee Whye},
 title = {Bayesian Learning via Stochastic Gradient {Langevin} Dynamics},
 booktitle = {Proceedings of the 28th International Conference on International Conference on Machine Learning},
 series = {ICML'11},
 year = {2011},
 isbn = {978-1-4503-0619-5},
 location = {Bellevue, Washington, USA},
 pages = {681--688},
 numpages = {8},
 url = {http://dl.acm.org/citation.cfm?id=3104482.3104568},
 acmid = {3104568},
 publisher = {Omnipress},
 address = {USA},
} 



@article{DBLP:journals/corr/abs-1904-00284,
  author    = {Chieh Hubert Lin and
               Chia{-}Che Chang and
               Yu{-}Sheng Chen and
               Da{-}Cheng Juan and
               Wei Wei and
               Hwann{-}Tzong Chen},
  title     = {{COCO-GAN:} {G}eneration by Parts via Conditional Coordinating},
  journal   = {CoRR},
  volume    = {abs/1904.00284},
  year      = {2019},
  url       = {http://arxiv.org/abs/1904.00284},
  archivePrefix = {arXiv},
  eprint    = {1904.00284},
  timestamp = {Wed, 24 Apr 2019 12:21:25 +0200},
  biburl    = {https://dblp.org/rec/bib/journals/corr/abs-1904-00284},
  bibsource = {dblp computer science bibliography, https://dblp.org}
}

