@inproceedings{lth_orig_paper,
title={The Lottery Ticket Hypothesis: Finding Sparse, Trainable Neural Networks},
author={Jonathan Frankle and Michael Carbin},
booktitle={International Conference on Learning Representations},
year={2019},
url={https://openreview.net/forum?id=rJl-b3RcF7},
}
@incollection{repro_paper,
title = {One ticket to win them all: generalizing lottery ticket initializations across datasets and optimizers},
author = {Morcos, Ari and Yu, Haonan and Paganini, Michela and Tian, Yuandong},
booktitle = {Advances in Neural Information Processing Systems 32},
editor = {H. Wallach and H. Larochelle and A. Beygelzimer and F. d\textquotesingle Alch\'{e}-Buc and E. Fox and R. Garnett},
pages = {4932--4942},
year = {2019},
publisher = {Curran Associates, Inc.},
url = {http://papers.nips.cc/paper/8739-one-ticket-to-win-them-all-generalizing-lottery-ticket-initializations-across-datasets-and-optimizers.pdf}
}


 @article{places365,
   title={Places: A 10 million Image Database for Scene Recognition},
   author={Zhou, Bolei and Lapedriza, Agata and Khosla, Aditya and Oliva, Aude and Torralba, Antonio},
   journal={IEEE Transactions on Pattern Analysis and Machine Intelligence},
   year={2017},
   publisher={IEEE}
 }


@inproceedings{imagenet,
        AUTHOR = {Deng, J. and Dong, W. and Socher, R. and Li, L.-J. and Li, K. and Fei-Fei, L.},
        TITLE = {{ImageNet: A Large-Scale Hierarchical Image Database}},
        BOOKTITLE = {Conference on Computer Vision and Pattern Recognition},
        YEAR = {2009},
        BIBSOURCE = "http://www.image-net.org/papers/imagenet_cvpr09.bib"}


@inproceedings{cifar,
  title={Learning Multiple Layers of Features from Tiny Images},
  author={Alex Krizhevsky},
%   booktitle={MSc Thesis, University of Toronto}
  year={2009}
}

@inproceedings{pytorch,
  title={Automatic differentiation in PyTorch},
  author={Paszke, Adam and Gross, Sam and Chintala, Soumith and Chanan, Gregory and Yang, Edward and DeVito, Zachary and Lin, Zeming and Desmaison, Alban and Antiga, Luca and Lerer, Adam},
  booktitle={NIPS Autodiff Workshop},
  year={2017}
}

@inproceedings{svhn,
title	= {Reading Digits in Natural Images with Unsupervised Feature Learning},
author	= {Yuval Netzer and Tao Wang and Adam Coates and Alessandro Bissacco and Bo Wu and Andrew Y. Ng},
year	= {2011},
URL	= {http://ufldl.stanford.edu/housenumbers/nips2011_housenumbers.pdf},
booktitle	= {NIPS Workshop on Deep Learning and Unsupervised Feature Learning 2011}
}



@online{fashionmnist,
  author       = {Han Xiao and Kashif Rasul and Roland Vollgraf},
  title        = {Fashion-MNIST: a Novel Image Dataset for Benchmarking Machine Learning Algorithms},
  date         = {2017-08-28},
  year         = {2017},
  eprintclass  = {cs.LG},
  eprinttype   = {arXiv},
  eprint       = {cs.LG/1708.07747},
}

@article{ref2,
  author    = {Hao Li and
               Asim Kadav and
               Igor Durdanovic and
               Hanan Samet and
               Hans Peter Graf},
  title     = {Pruning Filters for Efficient ConvNets},
  journal   = {CoRR},
  volume    = {abs/1608.08710},
  year      = {2016},
  url       = {http://arxiv.org/abs/1608.08710},
  archivePrefix = {arXiv},
  eprint    = {1608.08710},
  timestamp = {Fri, 29 Mar 2019 16:37:01 +0100},
  biburl    = {https://dblp.org/rec/bib/journals/corr/LiKDSG16},
  bibsource = {dblp computer science bibliography, https://dblp.org}
}

@article{han_prune,
  author    = {Song Han and
               Jeff Pool and
               John Tran and
               William J. Dally},
  title     = {Learning both Weights and Connections for Efficient Neural Networks},
  journal   = {CoRR},
  volume    = {abs/1506.02626},
  year      = {2015},
  url       = {http://arxiv.org/abs/1506.02626},
  archivePrefix = {arXiv},
  eprint    = {1506.02626},
  timestamp = {Mon, 13 Aug 2018 16:46:22 +0200},
  biburl    = {https://dblp.org/rec/bib/journals/corr/HanPTD15},
  bibsource = {dblp computer science bibliography, https://dblp.org}
}

@article{DBLP:journals/corr/abs-1903-01611,
  author    = {Jonathan Frankle and
               Gintare Karolina Dziugaite and
               Daniel M. Roy and
               Michael Carbin},
  title     = {The Lottery Ticket Hypothesis at Scale},
  journal   = {CoRR},
  volume    = {abs/1903.01611},
  year      = {2019},
  url       = {http://arxiv.org/abs/1903.01611},
  archivePrefix = {arXiv},
  eprint    = {1903.01611},
  timestamp = {Sat, 30 Mar 2019 19:27:21 +0100},
  biburl    = {https://dblp.org/rec/bib/journals/corr/abs-1903-01611},
  bibsource = {dblp computer science bibliography, https://dblp.org}
}
@article{DBLP:journals/corr/HeZRS15,
  author    = {Kaiming He and
               Xiangyu Zhang and
               Shaoqing Ren and
               Jian Sun},
  title     = {Deep Residual Learning for Image Recognition},
  journal   = {CoRR},
  volume    = {abs/1512.03385},
  year      = {2015},
  url       = {http://arxiv.org/abs/1512.03385},
  archivePrefix = {arXiv},
  eprint    = {1512.03385},
  timestamp = {Wed, 17 Apr 2019 17:23:45 +0200},
  biburl    = {https://dblp.org/rec/bib/journals/corr/HeZRS15},
  bibsource = {dblp computer science bibliography, https://dblp.org}
}
