@inproceedings{zagoruyko2016paying,
  author    = {Sergey Zagoruyko and
               Nikos Komodakis},
  title     = {Paying More Attention to Attention: Improving the Performance of Convolutional
               Neural Networks via Attention Transfer},
  booktitle = {5th International Conference on Learning Representations, {ICLR} 2017,
               Toulon, France, April 24-26, 2017, Conference Track Proceedings},
  year      = {2017}
}

@inproceedings{wrn,
	title={Wide Residual Networks},
	author={Sergey Zagoruyko and Nikos Komodakis},
	year={2016},
	month={September},
	pages={87.1-87.12},
	articleno={87},
	numpages={12},
	booktitle={Proceedings of the British Machine Vision Conference (BMVC)},
	publisher={BMVA Press},
	editor={Richard C. Wilson, Edwin R. Hancock and William A. P. Smith},
	doi={10.5244/C.30.87},
	isbn={1-901725-59-6},
}

@incollection{Micaelli2019ZeroShotKT,
title = {Zero-shot Knowledge Transfer via Adversarial Belief Matching},
author = {Micaelli, Paul and Storkey, Amos J},
booktitle = {Advances in Neural Information Processing Systems 32},
editor = {H. Wallach and H. Larochelle and A. Beygelzimer and F. d Alch\'{e}-Buc and E. Fox and R. Garnett},
pages = {9551--9561},
year = {2019},
publisher = {Curran Associates, Inc.},
}

@article{hinton2015distilling,
  title={Distilling the knowledge in a neural network},
  author={Hinton, Geoffrey and Vinyals, Oriol and Dean, Jeff},
  journal={arXiv preprint arXiv:1503.02531},
  year={2015}
}


@inproceedings{Ahn2019VariationalID,
  title={Variational Information Distillation for Knowledge Transfer},
  author={Sungsoo Ahn and Shell Xu Hu and Andreas C. Damianou and Neil D. Lawrence and Zhenwen Dai},
  booktitle={CVPR},
  year={2019}
}

@INPROCEEDINGS{resnets,
author={K. {He} and X. {Zhang} and S. {Ren} and J. {Sun}},
booktitle={2016 IEEE Conference on Computer Vision and Pattern Recognition (CVPR)},
title={Deep Residual Learning for Image Recognition},
year={2016},
volume={},
number={},
pages={770-778},
keywords={image classification;learning (artificial intelligence);neural nets;object detection;COCO segmentation;ImageNet localization;ILSVRC & COCO 2015 competitions;deep residual nets;COCO object detection dataset;visual recognition tasks;CIFAR-10;ILSVRC 2015 classification task;ImageNet test set;VGG nets;residual nets;ImageNet dataset;residual function learning;deeper neural network training;image recognition;deep residual learning;Training;Degradation;Complexity theory;Image recognition;Neural networks;Visualization;Image segmentation},
doi={10.1109/CVPR.2016.90},
ISSN={},
month={June},}

@article{adam,
author = {Kingma, Diederik and Ba, Jimmy},
year = {2014},
month = {12},
pages = {},
title = {Adam: A Method for Stochastic Optimization},
journal = {International Conference on Learning Representations}
}

@inproceedings{cosinelr,
  title={SGDR: Stochastic Gradient Descent with Warm Restarts},
  author={Ilya Loshchilov and Frank Hutter},
  booktitle={ICLR},
  year={2017}
}

@article{ltpa,
  title={Learn to Pay Attention},
  author={Saumya Jetley and Nicholas A. Lord and Namhoon Lee and Philip H. S. Torr},
  journal={ArXiv},
  year={2018},
  volume={abs/1804.02391}
}

@article{vgg,
  added-at = {2016-11-19T13:14:27.000+0100},
  author = {Simonyan, Karen and Zisserman, Andrew},
  bibsource = {dblp computer science bibliography, http://dblp.org},
  biburl = {https://www.bibsonomy.org/bibtex/20ee0434e0a70b329d5518f43f1742f7a/albinzehe},
  interhash = {4e6fa56cb7cf99400d5701543ee228de},
  intrahash = {0ee0434e0a70b329d5518f43f1742f7a},
  journal = {CoRR},
  keywords = {cnn ma-zehe neuralnet},
  timestamp = {2016-11-19T13:14:27.000+0100},
  title = {Very Deep Convolutional Networks for Large-Scale Image Recognition},
  volume = {abs/1409.1556},
  year = 2014
}

@article{effnet,
  author    = {Mingxing Tan and
               Quoc V. Le},
  title     = {EfficientNet: Rethinking Model Scaling for Convolutional Neural Networks},
  journal   = {CoRR},
  volume    = {abs/1905.11946},
  year      = {2019},
  archivePrefix = {arXiv},
  eprint    = {1905.11946},
  timestamp = {Mon, 03 Jun 2019 13:42:33 +0200},
}