@article{helwegen2019latent,
  title={Latent Weights Do Not Exist: Rethinking Binarized Neural Network Optimization},
  author={Helwegen, Koen and Widdicombe, James and Geiger, Lukas and Liu, Zechun and Cheng, Kwang-Ting and Nusselder, Roeland},
  journal={arXiv preprint arXiv:1906.02107},
  year={2019}
}

@article{courbariaux2016binarized,
  title={Binarized neural networks: Training deep neural networks with weights and activations constrained to+ 1 or-1},
  author={Courbariaux, Matthieu and Hubara, Itay and Soudry, Daniel and El-Yaniv, Ran and Bengio, Yoshua},
  journal={arXiv preprint arXiv:1602.02830},
  year={2016}
}

@inproceedings{courbariaux2015binaryconnect,
  title={Binaryconnect: Training deep neural networks with binary weights during propagations},
  author={Courbariaux, Matthieu and Bengio, Yoshua and David, Jean-Pierre},
  booktitle={Advances in neural information processing systems},
  pages={3123--3131},
  year={2015}
}

@article{bireal_net,
    title        = {Bi-Real Net: Enhancing the Performance of 1-bit CNNs With Improved Representational Capability and Advanced Training Algorithm},
    author       = {Zechun Liu and Baoyuan Wu and Wenhan Luo and Xin Yang and Wei Liu and Kwang{-}Ting Cheng},
    year         = 2018,
    journal      = {ECCV},
    volume       = {abs/1808.00278},
    url          = {http://arxiv.org/abs/1808.00278},
    archiveprefix = {arXiv},
    eprint       = {1808.00278},
    timestamp    = {Thu, 12 Sep 2019 15:28:48 +0200},
    biburl       = {https://dblp.org/rec/bib/journals/corr/abs-1808-00278},
    bibsource    = {dblp computer science bibliography, https://dblp.org}
}

@article{Alizadeh2019,
    title        = {{An Emperical Study of Binary Neural Networks' Optimisation}},
    author       = {Alizadeh, Milad and Fernandez-Marques, Javier and Lane, Nicholas D. and Gal, Yarin},
    year         = 2019,
    journal      = {ICLR}
}

@article{simonyan2014very,
  title={Very deep convolutional networks for large-scale image recognition},
  author={Simonyan, Karen and Zisserman, Andrew},
  journal={arXiv preprint arXiv:1409.1556},
  year={2014}
}

@article{Zhu2018,
    title        = {{Binary Ensemble Neural Network: More Bits per Network or More Networks per Bit?}},
    author       = {Zhu, Shilin and Dong, Xin and Su, Hao},
    year         = 2018,
    journal      = {arXiv preprint arXiv:1806.07550},
    url          = {http://arxiv.org/abs/1806.07550}
}

@article{xnor_net,
    title        = {XNOR-Net: ImageNet Classification Using Binary Convolutional Neural Networks},
    author       = {Mohammad Rastegari and Vicente Ordonez and Joseph Redmon and Ali Farhadi},
    year         = 2016,
    journal      = {CoRR},
    volume       = {abs/1603.05279},
    url          = {http://arxiv.org/abs/1603.05279},
    archiveprefix = {arXiv},
    eprint       = {1603.05279},
    timestamp    = {Mon, 13 Aug 2018 16:47:22 +0200},
    biburl       = {https://dblp.org/rec/bib/journals/corr/RastegariORF16},
    bibsource    = {dblp computer science bibliography, https://dblp.org}
}

@article{Zhuang2018,
    title        = {{Structured Binary Neural Networks for Accurate Image Classification and Semantic Segmentation}},
    author       = {Zhuang, Bohan and Shen, Chunhua and Tan, Mingkui and Liu, Lingqiao and Reid, Ian},
    year         = 2019,
    journal      = {CVPR},
    doi          = {10.2307/3495996},
    issn         = 154040,
    url          = {http://arxiv.org/abs/1811.10413}
}

@article{hinton_coursera,
    title        = {Neural networks for machine learning},
    author       = {Hinton, Geoffrey},
    year         = 2012,
    journal      = {Coursera Video Lectures}
}

@article{kingma2014adam,
  title={Adam: A method for stochastic optimization. arXiv 2014},
  author={Kingma, DP and Ba, JL},
  journal={arXiv preprint arXiv:1412.6980},
  year={2014}
}

@article{lei2016layer,
  title={Layer normalization},
  author={Lei Ba, Jimmy and Kiros, Jamie Ryan and Hinton, Geoffrey E},
  journal={arXiv preprint arXiv:1607.06450},
  year={2016}
}
