@article{onmixup,
  title={On Mixup Training: Improved Calibration and Predictive Uncertainty for Deep Neural Networks},
  author={Sunil Thulasidasan and Gopinath Chennupati and Jeff A. Bilmes and Tanmoy Bhattacharya and Sarah Ellen Michalak},
  journal={ArXiv},
  year={2019},
  volume={abs/1905.11001}
}

@inproceedings{calibration,
 author = {Guo, Chuan and Pleiss, Geoff and Sun, Yu and Weinberger, Kilian Q.},
 title = {On Calibration of Modern Neural Networks},
 booktitle = {Proceedings of the 34th International Conference on Machine Learning - Volume 70},
 series = {ICML'17},
 year = {2017},
 location = {Sydney, NSW, Australia},
 pages = {1321--1330},
 numpages = {10},
 url = {http://dl.acm.org/citation.cfm?id=3305381.3305518},
 acmid = {3305518},
 publisher = {JMLR.org},
} 

@TECHREPORT{cifar100,
    author = {Alex Krizhevsky},
    title = {Learning multiple layers of features from tiny images},
    institution = {},
    year = {2009}
}

@article{mnist,
  added-at = {2010-06-28T21:16:30.000+0200},
  author = {LeCun, Yann and Cortes, Corinna},
  biburl = {https://www.bibsonomy.org/bibtex/2935bad99fa1f65e03c25b315aa3c1032/mhwombat},
  groups = {public},
  howpublished = {http://yann.lecun.com/exdb/mnist/},
  interhash = {21b9d0558bd66279df9452562df6e6f3},
  intrahash = {935bad99fa1f65e03c25b315aa3c1032},
  keywords = {MSc _checked character_recognition mnist network neural},
  lastchecked = {2016-01-14 14:24:11},
  timestamp = {2016-07-12T19:25:30.000+0200},
  title = {{MNIST} handwritten digit database},
  url = {http://yann.lecun.com/exdb/mnist/},
  username = {mhwombat},
  year = 2010
}

@online{fmnist,
  author       = {Han Xiao and Kashif Rasul and Roland Vollgraf},
  title        = {Fashion-MNIST: a Novel Image Dataset for Benchmarking Machine Learning Algorithms},
  date         = {2017-08-28},
  year         = {2017},
  eprintclass  = {cs.LG},
  eprinttype   = {arXiv},
  eprint       = {cs.LG/1708.07747},
}

@InProceedings{pmlr-v15-coates11a,
  title = 	 {An Analysis of Single-Layer Networks in Unsupervised Feature Learning},
  author = 	 {Adam Coates and Andrew Ng and Honglak Lee},
  booktitle = 	 {Proceedings of the Fourteenth International Conference on Artificial Intelligence and Statistics},
  pages = 	 {215--223},
  year = 	 {2011},
  editor = 	 {Geoffrey Gordon and David Dunson and Miroslav Dudík},
  volume = 	 {15},
  series = 	 {Proceedings of Machine Learning Research},
  address = 	 {Fort Lauderdale, FL, USA},
  month = 	 {11--13 Apr},
  publisher = 	 {PMLR},
  pdf = 	 {http://proceedings.mlr.press/v15/coates11a/coates11a.pdf},
  url = 	 {http://proceedings.mlr.press/v15/coates11a.html}
}

@incollection{erm,
title = {Principles of Risk Minimization for Learning Theory},
author = {Vapnik, V.},
booktitle = {Advances in Neural Information Processing Systems 4},
editor = {J. E. Moody and S. J. Hanson and R. P. Lippmann},
pages = {831--838},
year = {1992},
publisher = {Morgan-Kaufmann},
url = {http://papers.nips.cc/paper/506-principles-of-risk-minimization-for-learning-theory.pdf}
}

@incollection{vrm_1,
title = {Vicinal Risk Minimization},
author = {Olivier Chapelle and Weston, Jason and Bottou, L\'{e}on and Vladimir Vapnik},
booktitle = {Advances in Neural Information Processing Systems 13},
editor = {T. K. Leen and T. G. Dietterich and V. Tresp},
pages = {416--422},
year = {2001},
publisher = {MIT Press},
url = {http://papers.nips.cc/paper/1876-vicinal-risk-minimization.pdf}
}

@book{vrm_0,
 author = {Vapnik, Vladimir N.},
 title = {The Nature of Statistical Learning Theory},
 year = {1995},
 isbn = {0-387-94559-8},
 publisher = {Springer-Verlag},
 address = {Berlin, Heidelberg},
} 

@InProceedings{vgg,
  author       = "Karen Simonyan and Andrew Zisserman",
  title        = "Very Deep Convolutional Networks for Large-Scale Image Recognition",
  booktitle    = "International Conference on Learning Representations",
  year         = "2015",
}

@article{resnet,
  author    = {Kaiming He and
               Xiangyu Zhang and
               Shaoqing Ren and
               Jian Sun},
  title     = {Deep Residual Learning for Image Recognition},
  journal   = {CoRR},
  volume    = {abs/1512.03385},
  year      = {2015},
  url       = {http://arxiv.org/abs/1512.03385},
  archivePrefix = {arXiv},
  eprint    = {1512.03385},
  timestamp = {Wed, 17 Apr 2019 17:23:45 +0200},
  biburl    = {https://dblp.org/rec/bib/journals/corr/HeZRS15},
  bibsource = {dblp computer science bibliography, https://dblp.org}
}
@article{
mixup_2018,
title={mixup: Beyond Empirical Risk Minimization},
author={Hongyi Zhang and Moustapha Cisse and Yann N. Dauphin and David Lopez-Paz},
journal={International Conference on Learning Representations},
year={2018},
url={https://openreview.net/forum?id=r1Ddp1-Rb},
}



@InProceedings{stl10,
  title = 	 {An Analysis of Single-Layer Networks in Unsupervised Feature Learning},
  author = 	 {Adam Coates and Andrew Ng and Honglak Lee},
  booktitle = 	 {Proceedings of the Fourteenth International Conference on Artificial Intelligence and Statistics},
  pages = 	 {215--223},
  year = 	 {2011},
  editor = 	 {Geoffrey Gordon and David Dunson and Miroslav Dudík},
  volume = 	 {15},
  series = 	 {Proceedings of Machine Learning Research},
  address = 	 {Fort Lauderdale, FL, USA},
  month = 	 {11--13 Apr},
  publisher = 	 {PMLR},
  pdf = 	 {http://proceedings.mlr.press/v15/coates11a/coates11a.pdf},
  url = 	 {http://proceedings.mlr.press/v15/coates11a.html}
}

@inproceedings{imagenet_cvpr09,
        AUTHOR = {Deng, J. and Dong, W. and Socher, R. and Li, L.-J. and Li, K. and Fei-Fei, L.},
        TITLE = {{ImageNet: A Large-Scale Hierarchical Image Database}},
        BOOKTITLE = {CVPR09},
        YEAR = {2009},
        BIBSOURCE = "http://www.image-net.org/papers/imagenet_cvpr09.bib"}